4578 5744
1018 253 1350 319 ...p-..-

165 422 394 507 αλτιλέστεραι,
426 419 520 497 ἄλλοις
549 416 631 506 ὥρας
657 420 859 505 ἐκμετρούσος
884 419 1031 505 εύρήσεις·
1074 423 1131 502 τὴν
1177 479 1180 547 η
1227 422 1312 503 nies;
1350 426 1447 506 atque
1476 443 1547 488 eam
1576 423 1713 508 quidem,
1747 441 1829 508 qnae
1857 428 1906 488 est
1933 422 2142 492 duodecimae

166 533 274 616 αδμδν
300 531 361 596 διεδ
390 539 444 614 τῆς
473 531 645 614 δωδεκάτης
680 531 713 593 δν
739 510 872 605 ιλνιύσάις
905 530 962 593 τού
990 532 1130 594 ἐνιαυτοῦ
1176 575 1179 589 .
1227 533 1382 616 proxima,
1412 529 1557 597 omnibus
1579 533 1654 598 euni
1676 532 1787 600 diebus
1808 531 2008 598 undecimam
2029 532 2142 608 horum

167 650 285 718 δθτκΐς
311 637 437 726 η’μέραις
470 641 527 722 τὴν
553 638 711 722 ἑνδεκάτην
739 635 822 724 ὥραν
855 641 1064 722 σημαίνουσαν
1097 642 1130 704 δν
1176 664 1179 721 γ
1226 639 1368 706 indicare
1395 639 1430 706 in
1458 639 1554 706 variis
1583 641 1658 730 eius¹
1677 641 1836 726 partibus,
1862 647 1899 707 nt
1925 641 1958 706 in
1984 640 2141 710 altissima

168 727 413 836 λοδιαφίρσυσιν
432 747 527 832 αύτῆς
546 749 675 834 μέρισιν,
704 749 746 824 ὥς
773 749 821 812 ἐντί
850 757 904 832 τῆς
931 748 1131 831 ύψηλοτύτης
1175 734 1179 875 1
1226 749 1284 815 illa
1305 759 1400 817 autea
1422 751 1671 816 demonstratum
1694 757 1751 832 est,
1780 751 1957 836 proximam
1985 770 2060 818 vcro
2086 773 2140 818 eo·

168 863 404 947 71νιροείρηται,
445 859 503 941 τὴν
536 857 565 922 δ’
601 857 707 943 ἐφεξῆς
742 859 852 941 ἐκείνην
887 883 918 941 γε
944 859 1009 940 ·τη“ν
1046 857 1131 940 ὥραν
1175 878 1188 925 ι·
1228 859 1299 925 dem
1321 859 1416 926 modo
1436 859 1524 925 illam
1539 860 1742 945 (proximam)
1763 860 1875 926 horem
1896 859 2073 944 significare
2092 861 2140 928 di·-

169 973 206 1031 72
217 973 370 1056 δηλοῦσαν
389 967 534 1046 αλςαύτως
560 969 638 1032 κατδ
666 965 849 1052 διαφέροντα
876 967 967 1052 μέρη,
995 967 1054 1054 ιιαιξΔ
1072 969 1178 1050 τηνί
1226 969 1323 1034 versis
1351 968 1506 1054 partibus,
1533 967 1673 1053 itemque
1702 991 1782 1050 cam,
1809 991 1892 1054 quae
1918 970 2067 1056 deinceps
2088 991 2138 1038 se-
2211 1023 2215 1034 ,

166 1081 323 1165 λαίφιξῆς
349 1103 380 1163 γε
405 1077 496 1142 πάλιν
522 1077 647 1161 δννάτην
667 1077 687 1160 ἢ
708 1077 817 1161 ὀγδόην
838 1081 939 1141 τεκαὶ
960 1077 1015 1153 τδς
1035 1075 1129 1152 δλλας
1175 1066 1178 1147 i
1226 1079 1343 1162 quitur,
1372 1099 1489 1144 nonam
1518 1077 1568 1144 vel
1595 1083 1742 1145 octavam
1770 1086 1804 1145 et
1831 1086 1954 1145 ceteras
1974 1101 2074 1165 usque
2095 1081 2153 1148 ad-

166 1191 207 1250 74
218 1188 289 1274 ἄχρι
308 1197 362 1272 τῆς
386 1188 564 1270 κατωτάτης
588 1196 740 1273 γραμμῆς,
768 1187 788 1270 ἣ
817 1187 873 1269 τὴν
894 1185 977 1270 ὥραν
1005 1185 1130 1269 πρώτην
1174 1180 1177 1313 1
1225 1186 1367 1252 infimam
1395 1187 1520 1269 lineam,
1555 1207 1638 1272 quae
1673 1187 1810 1272 primam
1836 1188 1951 1254 horam
1979 1189 2139 1273 signifieat

167 1298 357 1385 Ἰδιδρίσκιιν
384 1307 466 1363 ποιεῖ
493 1294 593 1381 ὥσπερ
624 1299 670 1361 λιτὶ
700 1305 763 1362 τῶν
789 1295 920 1380 ἡλιακῶν
948 1294 1127 1380 ιδρυλογίων.
1224 1296 1310 1362 velut
1330 1297 1511 1363 insulariis
1532 1296 1713 1382 horologiis.
1754 1298 1898 1384 Apparet
1918 1304 2026 1364 autem
2041 1298 2138 1384 plens

168 1409 207 1469 76
222 1411 364 1474 Φαίνεται
394 1409 430 1471 δέ
456 1429 503 1470 σοι
533 1406 767 1490 κεκληρωμένοι
795 1413 852 1470 τοῦ
877 1405 956 1469 nord
983 1405 1039 1486 τὴν
1058 1409 1126 1469 κλει
1171 1366 1176 1467 i
1225 1427 1327 1490 aquae
1349 1406 1516 1492 clepsydra
1537 1406 1649 1472 horam
1670 1413 1819 1491 quartam
1840 1413 1872 1473 et
1885 1407 2023 1492 reliquas
2036 1429 2137 1493 usque

165 1518 339 1603 ’δίψύδραν
367 1515 495 1594 ὓδατος,
524 1513 625 1600 ὥσπερ
653 1513 684 1600 γε
713 1515 882 1598 ἢτετάρτη
902 1518 951 1578 καὶ
973 1514 1005 1578 αἶ
1026 1517 1126 1578 λοιπαί
1173 1500 1177 1600 Ι
1224 1514 1267 1580 ad
1296 1515 1515 1582 duodecimam
1550 1516 1634 1582 inber
1661 1535 1696 1582 ee
1732 1515 1881 1602 aequales
1909 1537 1978 1582 esse
2006 1517 2137 1602 singulis

163 1627 302 1710 λδμίχρι
317 1633 378 1709 τῆς
398 1625 568 1707 δωδεκάτης
583 1624 724 1708 ἀλλήλαις
744 1625 802 1707 μέν
824 1625 886 1688 ἴσαι
906 1623 977 1688 καθ’
999 1621 1128 1707 ἑκάστην
1173 1604 1176 1688 i
1224 1624 1494 1710 qualibuscunque
1511 1625 1631 1704 diebus,
1653 1625 1696 1690 ad
1717 1631 1846 1700 mseras,
1861 1647 1937 1694 vero
1957 1625 2022 1693 sire
2042 1647 2137 1714 prae·

163 1733 330 1818 79ἧμέριιν
357 1733 514 1818 ἡντιναοῦν
541 1737 708 1820 φαίνονται,
743 1743 811 1810 ταῖς
840 1733 867 1797 δ’
898 1732 1003 1809 άλλαις
1029 1731 1126 1798 άνισοι
1173 1728 1175 1793 i
1223 1735 1335 1800 teritus
1356 1735 1420 1801 eive
1441 1735 1566 1802 futuras
1587 1734 1614 1800 si
1634 1733 1823 1816 referantur,
1843 1735 2033 1822 inaequales.
2056 1737 2135 1804 Tum

105 1889 108 1902 .
165 1854 283 1920 δοταῖς
310 1844 569 1930 προγεγενημέναις
596 1869 628 1910 τε
654 1847 703 1908 καλ
730 1843 920 1925 μελλούσαις.
963 1841 1044 1908 Eira
1067 1843 1133 1926 τὴν
1173 1796 1176 1913 i
1223 1843 1320 1908 talem
1349 1844 1506 1910 rationem
1532 1843 1693 1910 inveniens
1721 1866 1785 1910 nou
1813 1844 1966 1929 cupivisti,
1993 1846 2071 1913 heus
2090 1853 2136 1931 tu,

165 1941 203 2018 s'l
215 1955 357 2037 τοιαύτην
375 1955 515 2035 μέθοδον
532 1954 677 2038 εὑρίσκων
690 1951 744 2018 οὐκ
757 1951 964 2036 έττεθάμησας,
987 1943 1125 2034 ιδσδτος,
1173 1930 1176 2039 i
1224 1953 1301 2036 quid
1323 1953 1383 2018 hoo
1404 1953 1454 2035 sit,
1477 1954 1691 2038 cognoscere?
1734 1951 1804 2020 Non
1833 1955 1957 2020 sensisti
1985 1955 2135 2024 scientiae

165 2073 203 2128 aa
214 2063 248 2128 τί
263 2063 328 2128 κατ’
351 2065 453 2142 ἐστίνς
480 2062 533 2128 ούκ
554 2062 657 2150 ᾔσθου
685 2071 740 2146 τῆς
767 2066 800 2127 δν
828 2063 913 2150 αύτῷ
934 2064 1125 2146 δοξοσοφίας,
1173 2066 1175 2110 ÷
1223 2068 1298 2128 tuae
1325 2064 1507 2143 sanitatem,
1543 2063 1659 2150 quippe
1693 2063 1748 2148 qui
1781 2085 1840 2148 pro
1868 2071 1925 2130 tua
1952 2066 2136 2150 ignorantia

162 2183 202 2237 83
212 2170 341 2256 ἀμαθὴς
368 2171 451 2250 ὅστις
477 2173 521 2238 uir
542 2173 660 2238 τούτων
680 2181 743 2238 τῶν
764 2171 992 2258 προβλημάτων
1013 2171 1066 2236 osis
1089 2172 1126 2236 άν
1223 2171 1336 2238 harum
1358 2172 1578 2258 quaestionum
1599 2194 1662 2239 non
1683 2193 1742 2259 per
1763 2173 1837 2239 enni
1857 2172 1995 2258 spatium
2015 2176 2073 2257 rel,
2099 2181 2136 2244 nt
2221 2160 2225 2173 ¹

162 2279 309 2368 ὃλεύροις
330 2284 465 2371 ἐνιαυτῷ,
486 2283 607 2363 βέλτιον
627 2282 654 2346 δ’
678 2287 775 2360 eluse,
797 2279 858 2370 ὅλῳ
872 2289 925 2370 τῷ
945 2284 1025 2370 βίης
1053 2279 1124 2346 ούδδ
1221 2280 1340 2348 rectius
1369 2282 1482 2362 dicam,
1511 2303 1569 2367 per
1597 2288 1698 2350 totum
1727 2283 1823 2348 vitam
1844 2283 1983 2350 invenire
2005 2285 2135 2352 solutio-

164 2401 203 2456 85
213 2393 270 2478 γάρ
292 2382 373 2478 εὗρεν
394 2392 474 2458 αδτδ
494 2393 562 2473 βίος
583 2390 692 2476 ἀνδρὸς
713 2390 785 2472 ἕνύς,
808 2390 884 2455 άλλδ
904 2391 982 2455 κατά
996 2392 1124 2476 σμικρὸν
1222 2411 1293 2455 nem
1314 2391 1444 2457 valeus?
1486 2391 1597 2476 Neque
1619 2393 1701 2458 enim
1719 2391 1799 2458 haec
1813 2393 1905 2458 unius
1919 2391 2055 2460 hominis
2067 2395 2134 2461 vita

164 2505 365 2587 δσπροῆλθεν
384 2501 404 2586 ἡ
423 2503 577 2588 γραμμικὴ
601 2503 725 2586 θεωρία,
746 2501 938 2586 πρῶτονμὲν
952 2507 1014 2565 τῶν
1035 2503 1122 2566 σ’τοι-
1221 2497 1347 2582 invenit,
1376 2500 1433 2568 sed
1453 2501 1621 2587 paullatim
1647 2507 1799 2587 prosecta
1820 2507 1870 2567 est
1890 2499 1973 2568 ratio
1994 2503 2132 2586 linearis,

161 2616 200 2676 87
207 2614 346 2694 χειωδῶν
380 2613 411 2676 έν
439 2610 518 2697 αὐτῇ
553 2611 765 2696 θεωρημάτων
800 2611 994 2694 ζητηθέντων
1027 2608 1123 2698 αὐτῷ,
1219 2611 1358 2694 primum
1393 2610 1637 2679 elementaribus
1664 2612 1732 2678 eiua
1758 2610 1964 2678 theorematis
1991 2613 2033 2678 ab
2062 2613 2132 2699 ipso

160 2733 200 2786 88
211 2719 301 2784 δπάτε
328 2721 362 2784 δέ
383 2719 623 2807 εάρέθηρταῦτα,
646 2721 849 2804 προσθέντων
869 2718 997 2806 [αὐτῶν]
1019 2716 1123 2795 αὐτοῖς
1219 2719 1381 2784 inventore
1403 2718 1522 2800 solutis,
1543 2725 1713 2805 postquem
1726 2741 1801 2786 vero
1814 2719 1894 2786 haee
1907 2721 2035 2788 inventa
2048 2729 2130 2807 eunt,

161 2841 201 2896 89
211 2807 273 2895 τῶν
301 2829 404 2914 έφέξῆς
430 2830 597 2914 γενομένων
625 2829 744 2914 ἀνδρῶν
772 2831 827 2912 τὴν
856 2828 1123 2912 θαυμασιωτάτην
1218 2827 1355 2913 posteris
1375 2827 1555 2896 hominibus
1586 2829 1807 2896 adiicientibus
1828 2829 1947 2896 adoills
1968 2830 2051 2898 hanc
2072 2833 2130 2900 ad·

161 2939 416 3023 εοθεωρίαν,άγν
443 2939 622 3022 ύναλυτυιην
647 2940 723 3024 ἔφην
750 2935 965 3021 ὀνομάζεσθαι,
991 2943 1040 3004 καλ
1061 2963 1117 3022 γυ·
1220 2936 1400 3036 ττάταλάλαττιι
1418 2939 1582 3020 rationem,
1603 2961 1700 3024 quum
1714 2939 1908 3024 analyticam
1929 2939 1994 3008 dixi
2014 2945 2130 3025 vocari,

161 3049 393 3131 91μνασύντων
426 3047 552 3125 ἑαυτούς
585 3075 618 3114 τε
652 3053 701 3113 καλ
733 3050 808 3125 τοδς
832 3049 1045 3132 βουληθέντας
1073 3049 1121 3112 lul
1218 3067 1315 3132 seque
1337 3047 1368 3111 in
1390 3047 1447 3112 illa
1475 3053 1507 3114 et
1535 3047 1614 3114 alios
1642 3049 1697 3134 qui
1721 3047 1840 3116 uellent
1867 3071 1964 3134 quam
1992 3052 2129 3118 maxime

162 3159 407 3224 conatumve
435 3157 528 3243 αὐτῇ·
542 3160 545 3171 “
559 3159 656 3223 καίτοι
683 3159 781 3241 μηδὲν
808 3157 910 3248 δχουσι
939 3161 1034 3234 δεῖξαι
1053 3181 1120 3240 χει·
1220 3155 1446 3222 exeroeutibus.
1489 3155 1608 3224 Tamen
1629 3157 1749 3223 nullum
1771 3157 1891 3224 habent
1918 3159 2004 3244 quod
2025 3161 2130 3245 proie-

67 3255 74 3268 ’
160 3269 367 3354 93ρούργημα
388 3277 535 3346 τοιοῦτον,
562 3263 612 3333 οἶα
638 3269 727 3352 μέχρι
756 3269 843 3349 δεῦρο
871 3271 1000 3352 διῆλθον
1021 3268 1073 3332 δαί
1090 3291 1122 3333 τε
1219 3271 1292 3332 rant
1313 3264 1467 3333 eiusmodi
1488 3265 1665 3348 artificium,
1695 3266 1790 3352 quale
1805 3267 1964 3354 ‚hactenns
1986 3268 2131 3338 declara·

160 3387 201 3441 94
211 3385 272 3443 τῶν
291 3377 421 3462 ἡλιαστῶν
442 3376 612 3462 άρολογίων
629 3381 681 3442 καλ
701 3379 888 3462 κλεψοδρῶν.
1218 3375 1318 3440 virum
1331 3375 1433 3444 inesse
1448 3375 1481 3440 in
1495 3374 1619 3442 solariis
1632 3374 1803 3462 horologiis
1816 3383 1911 3462 atque
1925 3375 2109 3469 clepsydris.
2149 3387 2154 3402 “

310 3522 379 3587 Iam
406 3519 578 3602 videamus,
606 3521 683 3605 quid
711 3541 751 3586 ex
778 3519 839 3586 boc
868 3519 939 3586 loco
969 3519 1077 3604 colligi
1103 3517 1213 3604 possit.
1267 3517 1313 3584 Ac
1342 3519 1478 3603 primum
1506 3518 1636 3604 quidem
1663 3519 1725 3587 duo
1754 3541 1870 3605 genera
1896 3519 2131 3606 horologiorum

210 3630 347 3698 Galenus
367 3651 436 3697 cose
459 3629 560 3711 doceb,
586 3631 705 3696 solaria
727 3637 760 3695 et
779 3628 963 3714 clepsydras
984 3631 1028 3713 (p.
1050 3631 1091 3694 68
1113 3628 1175 3710 K).
1227 3627 1287 3692 lile
1315 3627 1394 3694 dicit
1419 3629 1460 3692 τά
1487 3628 1753 3714 καταγεγραμμένα
1781 3627 1929 3712 ὦρσλύγισ
1955 3631 1996 3695 τά
2023 3630 2130 3714 eume

211 3743 254 3826 (p.
279 3741 333 3820 82)
354 3739 404 3806 vel
425 3741 463 3805 τά
483 3739 750 3824 καταψεγραμμένα
772 3735 919 3824 ὥρολάγια
941 3741 984 3823 (p.
1008 3739 1102 3820 82)⁸⁹
1123 3737 1174 3802 vel
1201 3737 1241 3800 τά
1261 3736 1368 3820 ἡλιαστά
1390 3733 1538 3820 ὦρολάγια
1568 3740 1611 3822 (p.
1626 3739 1681 3818 82)
1709 3737 1759 3804 vel
1787 3736 1933 3822 uipoldysu
1955 3738 1998 3825 (p.
2014 3721 2063 3808 33.
2079 3745 2129 3824 84,

207 3851 358 3936 saepius),
384 3847 463 3916 haec
481 3872 557 3916 uero
579 3849 749 3934 κλεψύδρας
771 3847 914 3934 appellat
934 3870 995 3914 uon
1019 3848 1121 3913 solum
1141 3846 1202 3912 hoc
1224 3845 1304 3926 loco,
1325 3845 1381 3912 sed
1403 3843 1500 3912 etiam
1521 3845 1605 3912 inira
1624 3870 1655 3932 p.
1676 3847 1725 3912 88.
1745 3848 1945 3935 καταγράψας
1966 3846 2128 3936 ιδρολδγιον

207 3961 434 4044 ἦκλιψύδρον,
470 3961 554 4027 uude
583 3967 719 4044 apparet
743 3957 918 4042 κλεψύδραν
945 3979 1008 4024 non
1036 3956 1140 4022 solum
1167 3955 1302 4040 simplex
1330 3957 1409 4022 illud
1438 3958 1683 4024 instrumentum
1709 3958 1826 4039 vocari,
1855 3979 1918 4043 quo
1946 3959 1978 4024 in
2004 3961 2129 4030 iudiciis

206 4071 388 4151 utebantur,
410 4069 465 4135 sed
489 4069 585 4134 etiem
605 4067 803 4152 horologium
825 4089 863 4132 ex
886 4087 978 4150 aqua,
1000 4066 1085 4152 qnod
1108 4065 1301 4150 singulorum
1324 4067 1421 4132 totius
1444 4065 1518 4132 anui
1540 4066 1661 4132 dierum
1681 4065 1779 4132 horas
1799 4065 1962 4150 indicaret
1989 4070 2022 4136 id
2045 4071 2131 4155 qnod

207 4209 332 4216 ——-.
337 4209 417 4215 ———
434 4207 511 4214 ——-

308 4262 360 4323 ee'
377 4267 423 4337 τὴν
447 4267 569 4335 τετάρτην
586 4269 637 4330 μδν
654 4265 707 4319 sind
731 4273 774 4334 τηε
794 4263 941 4335 δωδεκάτης
960 4264 1012 4318 αἰτδ
1032 4271 1075 4335 τηε
1094 4261 1241 4332 δωδεκάτης
1259 4265 1290 4318 L.
1325 4265 1373 4334 τὴν
1397 4263 1520 4332 τετάρτην
1543 4267 1592 4328 μὲν
1613 4262 1666 4317 ese
1686 4265 1729 4334 τηε
1746 4263 1905 4334 δωδεκάτης·
1926 4269 2022 4332 cosm,
2040 4273 2131 4328 Kllbn.

209 4353 281 4405 nullo
298 4372 384 4407 sensu.
420 4355 503 4406 Omisi
522 4349 652 4420 τετάρτην,
670 4353 738 4422 quod
756 4369 840 4405 errore
858 4351 961 4404 illatum
980 4352 1013 4402 sb
1032 4351 1173 4404 editoribus
1191 4358 1373 4402 conservatum
1391 4359 1438 4404 est
1539 4349 1581 4403 68.
1606 4349 1685 4404 ducor
1702 4351 1733 4402 L.
1766 4348 1877 4406 dodones
1901 4369 1965 4404 corr.
1990 4355 2128 4413 Gcnlston.

208 4432 287 4486 άταοι
304 4439 401 4500 Cheru,
418 4439 506 4490 nean.
609 4437 650 4490 69.
677 4445 729 4490 τοῖο
761 4433 811 4488 δ’δ’
827 4439 856 4490 L.
898 4435 1041 4504 ἑνδεκάτην
1062 4436 1093 4489 L.
1130 4437 1304 4500 σημαίνουσιν
1320 4436 1351 4486 Ιι.
1387 4439 1569 4504 σημαίνουσαν
1586 4450 1651 4486 corr.
1669 4434 1805 4486 Goulstou.
1842 4441 2015 4501 σημαίνουσιν
2032 4441 2129 4510 Chora,

210 4519 298 4570 Kchn.
381 4522 422 4575 70.
440 4520 566 4590 ἦμέρησιν
582 4523 613 4574 L.
697 4520 739 4573 71.
756 4521 861 4588 ἐκείνην
880 4509 925 4571 δέ
938 4519 1013 4584 douo
1029 4521 1059 4571 Ιι.
1094 4519 1201 4584 ἐκείνην
1217 4537 1249 4586 γε
1266 4517 1312 4587 τὴν
1330 4519 1404 4586 άραν
1422 4521 1514 4586 scripsi
1532 4536 1546 4570 e
1564 4519 1674 4570 conio.
1689 4518 1848 4570 Schneidsn'.
1883 4520 2000 4590 πέμπτην
2019 4521 2034 4590 ἢ
2050 4527 2128 4594 ἕκτην

207 4599 282 4666 ὤραν
298 4603 393 4668 Chora,
410 4607 497 4660 Κάλω.
541 4603 651 4672 δεκάτην
668 4603 741 4668 άραν
759 4607 826 4656 coni.
842 4603 942 4658 Gonlst.
1046 4601 1086 4656 73ι
1112 4601 1188 4654 πάλιν
1211 4601 1322 4669 δννάτην
1344 4601 1360 4671 ἢ
1383 4601 1481 4671 ύγδάην
1508 4621 1533 4656 τε
1556 4602 1598 4654 καί
1617 4603 1647 4653 Ιι.
1682 4603 1753 4654 Idam
1772 4603 1907 4656 Goulstou.
1925 4609 2073 4660 coniectura
2089 4629 2130 4664 ss-

1931 4687 1971 4741 'le
1994 4689 2130 4754 εὑρίσκειν

206 4767 482 4825 suessonense.
521 4774 617 4826 Addidi
636 4783 707 4827 ποιεῖ
722 4773 810 4838 ὥσπερ
829 4773 861 4825 sd
878 4773 1001 4826 lacunam
1018 4761 1105 4839 aliquo
1123 4771 1199 4823 modo
1217 4771 1380 4839 explendam.
1483 4768 1523 4822 le.
1548 4769 1579 4824 δδ
1596 4770 1684 4824 addidi
1700 4771 1769 4822 coni.
1870 4769 1912 4824 80.
1930 4791 1956 4825 τε
1973 4775 2129 4838 scinditur

206 4849 299 4910 cicaro
317 4859 347 4908 L.
388 4873 412 4907 τε
433 4859 475 4910 καί
498 4857 648 4918 μελλούσαις
671 4859 772 4923 chart,
790 4859 879 4910 den.
980 4857 1022 4910 82.
1051 4855 1081 4908 δν
1104 4853 1176 4923 αύτῷ
1204 4859 1234 4908 L.
1285 4853 1316 4907 έν
1339 4852 1410 4923 υάτρλ
1438 4853 1603 4907 scribendum
1625 4855 1691 4905 vidit
1713 4853 1745 4906 0.
1769 4855 1919 4918 Schneider,
1947 4875 2023 4925 quem
2046 4877 2070 4912 τ.
2092 4865 2126 4916 ιδ

206 4939 405 4993 Isocr.Dernou.
421 4939 462 4992 14.
497 4939 527 4990 έν
546 4942 632 5012 σαυτῷ
648 4943 744 5001 Cbsrt.
762 4945 850 4994 Kunn.
951 4940 994 4994 84.
1017 4939 1091 5010 εὕροι
1114 4915 1199 4992 essai·
1219 4940 1249 4990 L.
1351 4935 1394 4990 88.
1412 4934 1491 4989 δκάιε
1507 4938 1539 4990 Ιι.
1573 4938 1630 4990 issi
1648 4939 1746 5002 enus,
1764 4939 1851 4990 Kone.
1885 4937 1973 4994 υύιάν
1988 4943 2126 5002 delendum

207 5024 315 5076 videtur.
419 5023 459 5080 w.
483 5025 671 5094 γυμνασάνιων
688 5027 798 5082 έσυτσὺτ
816 5029 846 5079 L.
880 5023 1072 5094 γυμνασάντων
1089 5027 1120 5076 δν
1138 5021 1203 5090 stirp
1220 5020 1329 5077 έαυτσδτ
1347 5023 1442 5085 Chasa,
1460 5023 1547 5074 Kllbn.
1650 5023 1690 5074 et.
1717 5021 1874 5088 κλεψύδραν
1894 5027 1925 5078 L.

260 5142 292 5212 κ)
308 5145 352 5197 dic
377 5123 495 5198 Cicero
519 5159 623 5212 quoqne
643 5145 674 5200 άε
692 5145 729 5198 Ν.
748 5146 781 5198 D.
801 5143 844 5208 II,
863 5145 909 5204 34,
928 5144 966 5196 87
990 5144 1113 5196 solarium
1132 5143 1175 5195 vel
1192 5144 1349 5209 desumptum
1366 5141 1410 5192 rel
1426 5157 1459 5192 ex
1477 5155 1548 5206 aqua
1564 5141 1650 5196 babet
1909 5227 1926 5280 2
