4578 5744
1045 289 1147 298 Ἄ,
1200 249 1378 314 5.-

244 419 334 506 quod
358 419 456 504 quale
481 417 587 499 inerit,
615 417 877 502 Harpocraticuis
904 417 993 484 locus
1020 417 1113 484 docet
1134 415 1158 498 Ι,
1179 439 1209 502 p.¹
1224 418 1274 498 51,
1304 438 1399 502 quem
1420 419 1597 503 intelligere
1615 440 1651 486 se
1673 419 2038 504 negatdchcemannus.
2065 427 2172 488 ΙΔω-

246 528 454 616 pepereram,
481 527 588 612 dalea,
616 528 726 612 inquit,
754 528 865 612 μέτρον
891 553 921 592 τι
948 525 1061 602 ὕδατός
1089 527 1154 591 ἔστι
1183 527 1258 610 πρὸς
1284 529 1508 612 μεμετρημένον
1533 528 1648 614 ἡμέρας
1674 529 1830 612 διάστημα
1852 529 1936 616 ῥέον·
1966 531 2117 612 sperans
2139 534 2173 598 dd

248 641 432 706 Hocerdrrdrr
451 639 539 720 μηνί·
563 675 603 687 -
624 673 667 686 -
687 671 729 688 ν·-
751 637 899 718 διινέμετο
919 638 953 701 δι’
975 640 1016 714 alr
1036 637 1105 722 roda
1126 636 1204 719 μέρη
1228 637 1264 700 τὸ
1284 635 1378 718 ὕδωρ,
1406 639 1443 702 τὸ
1465 637 1522 720 μὲν
1544 645 1588 726 τῷ
1610 637 1816 715 dammnati
1839 639 1872 703 dd
1894 647 1940 727 τῷ
1960 639 2110 725 φεύγοντι,
2138 641 2173 706 rd

249 751 350 834 τρίτον
369 758 435 824 τοῖς
456 747 659 825 trucidaverit
702 745 819 813 Mensis
840 745 1013 812 Hcccdeolr
1033 746 1064 812 in
1086 745 1230 811 brumale
1252 747 1327 812 enni
1347 751 1473 832 tempus
1493 748 1613 829 incidit,
1635 748 1811 814 brevissimi
1832 747 1929 834 igitur
1950 749 2013 816 diei
2035 751 2173 836 spatium

249 859 346 924 nnius.
367 857 502 924 actionis
530 875 679 922 mensura
707 855 966 936 constituebatur,
998 843 1077 940 quot
1097 875 1172 920 vero
1195 875 1308 940 aquae.
1320 854 1576 941 amphoraehoc
1596 859 1749 944 temporis
1771 858 1875 942 spatio
1896 879 1954 942 per
1975 858 2173 945 clepsydram

249 967 433 1047 defluerent,
461 966 675 1051 experimento
703 964 930 1050 reperiebatur,
958 965 1054 1049 idque
1081 964 1331 1048 experimentum
1356 965 1528 1050 quotannis
1548 965 1617 1032 fieri
1638 975 1808 1053 propterea
1828 987 1958 1034 necesse
1980 975 2058 1048 erat,
2087 969 2179 1054 quod,

250 1075 418 1162 clepsydra
437 1077 507 1168 ipsa
528 1074 661 1142 subinde
681 1075 940 1154 renovabam-r,
967 1095 1049 1140 nera
1068 1093 1144 1139 rere
1166 1073 1342 1159 clepsydra,
1370 1081 1407 1138 ut
1429 1081 1485 1140 aut
1505 1075 1602 1141 latius
1624 1083 1682 1142 aut
1702 1077 1866 1160 augustius
1886 1076 2030 1142 foramen
2051 1077 2173 1160 habuit,

251 1192 307 1252 ant
333 1184 439 1270 plnres
466 1191 524 1250 aut
552 1185 718 1270 pauciores
745 1203 848 1270 aquae
876 1183 1047 1270 amphoras
1076 1182 1268 1248 effundebat.
1332 1183 1433 1248 Facto
1461 1205 1535 1250 vero
1565 1187 1782 1270 experimento
1814 1185 2061 1270 intelligebatur,
2095 1195 2175 1272 quot

252 1295 423 1380 amphorae
451 1295 545 1360 nnius
573 1293 708 1360 actionis
733 1293 817 1358 insto
846 1295 980 1378 tempori
1009 1293 1247 1377 responderant,
1283 1291 1460 1378 harumque
1492 1295 1720 1379 amphorarum
1749 1313 1880 1361 numero
1908 1296 1942 1361 in
1969 1303 2036 1362 tres
2063 1302 2173 1382 partes

250 1405 332 1470 actio
360 1403 432 1489 ipsa
461 1402 671 1503 dividebatur.
714 1401 834 1471 Contra
859 1401 979 1468 Romae
1009 1421 1107 1487 quum
1134 1401 1223 1486 prius
1252 1401 1416 1486 aliquanto
1444 1403 1609 1488 horologia
1630 1425 1726 1487 quam
1748 1403 1933 1489 clepsydrae
1953 1405 2172 1484 innotuissent,

248 1513 425 1598 legitimum
440 1511 566 1578 dicendi
580 1519 703 1597 tempus
717 1512 758 1576 ad
773 1513 870 1578 boras
885 1511 1177 1596 computabaturfl.
1221 1511 1392 1594 Quaeque
1404 1519 1511 1578 aetate
1532 1513 1668 1598 primum
1691 1512 1821 1579 sactum·
1833 1515 1884 1594 sit,
1904 1531 2018 1597 parum
2037 1523 2171 1582 constat.

250 1623 350 1688 Errat
371 1623 452 1688 enim
474 1621 603 1688 Tacitus
624 1621 664 1688 de
685 1621 738 1688 Or.
760 1623 810 1702 88,
832 1623 887 1706 qni
908 1621 1090 1706 Pompeium
1113 1621 1209 1686 tertio
1232 1621 1407 1700 maculata,
1429 1622 1447 1686 i.
1464 1642 1490 1688 e.
1514 1643 1542 1690 a.
1557 1644 1586 1687 a.
1603 1623 1676 1688 Chr.
1691 1645 1720 1687 n.
1743 1624 1793 1702 52,
1814 1624 1951 1708 primum
1973 1623 2172 1708 eloquentiae

251 1731 350 1797 veluti
364 1731 467 1798 frenos
481 1731 665 1816 imposuisse
679 1739 797 1811 ramat,
819 1731 968 1815 quoniam
983 1730 1084 1796 multo
1099 1737 1183 1810 ante,
1205 1750 1291 1798 anno
1306 1731 1356 1811 70,
1371 1731 1480 1797 Cicero
1495 1733 1527 1797 in
1543 1731 1630 1796 Verr.
1646 1735 1715 1798 Act.
1730 1731 1753 1810 1,
1772 1738 1817 1812 11,
1834 1734 1876 1798 32
1898 1753 1931 1798 se
1947 1732 1989 1799 ad
2004 1732 2171 1799 dicendum

252 1861 310 1906 suo
332 1840 470 1924 legitimo
492 1849 636 1925 tempere
657 1842 705 1905 uti
727 1839 812 1916 dicit,
834 1848 868 1905 et
889 1839 1010 1918 Aetli,
1028 1846 1055 1919 1,
1070 1839 1203 1924 9,§.25.
1237 1842 1350 1924 „Hr‘c'’,
1374 1841 1427 1920 ait,
1448 1855 1502 1924 ,ιιι
1513 1842 1660 1928 fortasse
1682 1846 1746 1909 eric
1769 1843 1915 1932 diligens,
1937 1867 1976 1910 ae
1994 1867 2093 1932 γιιοω
2114 1867 2172 1934 ayo

252 1951 362 2018 hornan
376 1953 415 2019 dc
428 1955 507 2019 craia
522 1953 671 2040 aptatus
687 1953 775 2017 loric
788 1952 972 2018 remr'ttooa”
1006 1947 1095 2016 Idem
1110 1969 1193 2014 anno
1208 1951 1249 2014 63
1263 1950 1296 2014 in
1312 1969 1357 2014 or.
1370 1971 1417 2034 pr.
1430 1949 1538 2016 Rehir.
1554 1953 1583 2030 2,
1597 1954 1632 2016 6:
1653 1952 1768 2036 „Nurac
1784 1955 1944 2040 quoniam,
1972 1955 2006 2020 T.
2021 1955 2171 2036 meras,

250 2061 436 2152 diligentiae
464 2087 550 2129 mccc
579 2063 728 2149 temporie
757 2063 916 2150 angustiae
950 2061 1101 2127 adcincti
1130 2085 1237 2148 meque
1266 2085 1306 2126 er
1336 2075 1519 2148 comparato
1549 2077 1577 2128 et
1605 2062 1747 2128 instituto
1776 2065 1883 2150 spatio
1912 2061 2108 2148 defensionis
2136 2067 2171 2130 ιό

249 2175 425 2240 semihorae
453 2173 607 2238 circulum
636 2173 776 2259 cocyr'ctr‘,
801 2171 987 2258 parebitar”
1017 2168 1071 2251 (ci.
1087 2169 1112 2252 ᾗ.
1129 2171 1149 2234 6
1166 2179 1198 2234 et
1212 2169 1238 2251 ξ.
1253 2169 1282 2248 9,
1310 2168 1366 2234 ubi
1387 2170 1505 2234 iterum
1523 2170 1700 2240 semihorae
1721 2172 1861 2256 spatium
1883 2173 2171 2254 commemoratur).
2206 2153 2208 2161 ¹

249 2282 394 2365 Denique
415 2281 552 2347 arnobii
569 2281 602 2346 in
617 2301 724 2364 capr.
739 2278 853 2346 Flacco
875 2279 926 2360 33,
941 2281 990 2344 82.
1010 2279 1100 2363 „Oui
1118 2304 1175 2346 eea
1197 2278 1441 2362 doroe'ornru'ao
1463 2281 1516 2346 lca
1537 2281 1652 2349 demrl’
1696 2281 1864 2365 Pompeius
1885 2281 1983 2365 igitur
2003 2303 2109 2366 quum,
2135 2290 2172 2346 ut

251 2391 402 2456 Asconius
423 2390 532 2474 prodit
553 2389 595 2456 ad
617 2387 824 2458 Milonianam
844 2411 874 2473 p.
897 2389 937 2454 37
960 2387 1030 2468 Oc,
1051 2408 1134 2454 anuo
1155 2389 1197 2454 52
1220 2389 1300 2468 duas
1321 2388 1406 2472 leges
1427 2388 1651 2472 promulgaret,
1682 2390 1819 2456 alteram
1842 2391 1881 2455 de
1902 2391 1953 2470 vi,
1971 2389 2107 2461 alteram
2131 2390 2171 2457 de

250 2499 380 2580 ambitu,
411 2507 443 2566 et
462 2499 494 2564 in
517 2498 565 2565 his
593 2523 676 2584 „uno
699 2501 752 2566 dic
774 2514 865 2587 atque
888 2499 994 2567 codam
1015 2513 1044 2564 et
1065 2501 1105 2566 od
1127 2511 1310 2578 accusatore
1333 2513 1361 2566 et
1382 2501 1421 2564 ab
1443 2492 1496 2564 rac
1512 2502 1672 2584 perorari
1690 2501 1810 2566 iuberet
1831 2503 1886 2582 ita,
1915 2513 1948 2566 at
1971 2500 2053 2566 duae
2073 2503 2172 2568 horae

249 2613 439 2694 accinctorr',
462 2624 525 2676 rrae
545 2633 599 2676 reo
623 2610 803 2692 derantur’,
823 2626 885 2674 non
906 2609 1028 2692 primus
1041 2607 1233 2692 clepsydrae
1254 2627 1347 2674 usum
1368 2608 1552 2690 introduxit,
1574 2609 1629 2676 scd
1652 2609 1686 2677 in
1706 2608 1755 2679 his
1777 2608 1901 2676 duabus
1921 2608 2170 2693 quaestionibus,

248 2719 423 2804 utiterum
444 2717 560 2784 diserte
581 2725 718 2784 testatur
740 2718 892 2786 Asconius
913 2739 943 2802 p.
956 2717 1007 2799 40,
1029 2721 1132 2784 certas
1152 2715 1248 2784 horas
1270 2722 1304 2784 et
1324 2717 1501 2791 accusatori
1522 2724 1555 2782 et
1573 2739 1638 2799 reo,
1659 2718 1750 2784 utin
1772 2717 1844 2784 aliis
1864 2718 1968 2786 canem
1988 2718 2053 2784 iam
2074 2723 2170 2786 antea
2204 2760 2210 2770 ·

249 2827 318 2894 fieri
346 2826 476 2908 solebat,
511 2828 716 2912 praescripsit
732 2833 768 2894 ⁴⁸.
825 2827 933 2901 Etiam
960 2825 1054 2892 Plinii
1080 2831 1188 2897 acute
1215 2825 1313 2894 horae
1341 2825 1390 2900 rel
1418 2825 1518 2894 horae
1544 2831 1693 2911 partes⁴⁰
1721 2813 1902 2896 oratoribus
1931 2827 1973 2894 ad
2002 2827 2169 2898 dicendum

250 2935 511 3018 concedebantur,
547 2957 682 3022 quarum
717 2926 867 3004 mensura
900 2957 965 3006 non
989 2921 1197 3022 ‘horologium
1219 2941 1325 3016 ,esset
1360 2934 1417 3007 sed
1454 2935 1630 3021 clepsydra,
1658 2937 1766 3004 etita
1794 2936 1930 3022 quidem,
1966 2939 2170 3022 ut‘quatuor

249 3045 435 3132 clepsydrae
461 3047 552 3115 unius
581 3047 679 3112 horae
707 3045 812 3130 spatio
839 3045 1079 3130 responderent.
1140 3044 1223 3112 Nam
1251 3044 1372 3115 Plinius
1381 3049 1410 3088 ⁸⁰
1437 3046 1565 3129 quidem
1593 3050 1705 3112 narrat
1733 3046 1905 3130 aliquando
1932 3047 1965 3112 in
1994 3052 2106 3114 senatu
2134 3067 2170 3114 sa

249 3155 366 3222 dixisse
388 3155 482 3222 horas
502 3177 604 3240 paene
626 3157 771 3240 quinque,
801 3175 898 3239 quum
920 3154 1102 3240 clepsydras
1123 3153 1298 3238 accepisset
1319 3155 1467 3234 sedecim,
1494 3175 1611 3239 easque
1631 3157 1890 3240 spatiosissimam
1919 3155 2044 3222 videtur
2064 3157 2169 3242 igitur,

249 3265 404 3336 siiustss
432 3265 612 3348 accepisset,
643 3272 780 3350 quatuor
807 3264 873 3330 iere
901 3263 999 3330 horas
1027 3263 1169 3330 dicturus
1191 3263 1295 3345 inissa
1346 3263 1492 3346 Ceteram
1526 3271 1677 3335 accurate
1712 3286 1783 3332 cum
1819 3264 1905 3332 horis
1939 3264 1988 3333 rel
2023 3265 2169 3349 partibus

248 3374 399 3444 horarum
420 3375 599 3442 convenisse
621 3373 806 3460 clepsydrae
827 3393 976 3440 mensura
996 3393 1059 3443 uon
1080 3373 1225 3460 putanda
1247 3379 1305 3454 eet,
1325 3395 1423 3458 quum
1437 3372 1536 3442 horae
1552 3373 1745 3458 singulorum
1761 3374 1883 3442 diemm
1898 3373 2040 3440 diversae
2055 3381 2168 3456 essent,

249 3483 485 3569 clepsydramm
507 3503 655 3549 mensura
676 3483 827 3568 aequalis,
854 3505 913 3550 nec
935 3482 1145 3549 dubitandum
1167 3482 1218 3563 sit,
1250 3483 1327 3568 quin
1353 3489 1389 3548 ut
1415 3480 1620 3548 Athenienses
1641 3485 1687 3549 sic
1709 3483 1843 3548 Romani
1865 3491 1985 3550 certam
2007 3485 2168 3569 quandam

249 3591 382 3659 dicendo
403 3592 607 3660 adhibuerint
626 3613 806 3658 mensuram
827 3592 1127 3679 clepsydrarumquc
1147 3592 1277 3658 modurn
1306 3593 1348 3658 ad
1375 3599 1478 3658 certas
1504 3592 1660 3677 quasdam
1688 3593 1792 3672 horae,
1820 3594 1886 3658 sive
1914 3592 2074 3658 brumales
2103 3594 2168 3658 sive

248 3689 505 3786 aequinodtiales,
527 3702 755 3800 constituerint.
794 3701 866 3768 ‘Nisi
887 3703 969 3769 forte
991 3701 1060 3787 quis
1082 3701 1185 3767 credit
1209 3701 1368 3768 Romanos
1389 3701 1500 3767 fecisse
1521 3703 1555 3768 in
1575 3701 1707 3782 iudiciis,
1730 3701 1816 3786 quod
1837 3701 1952 3768 Graeci
1974 3701 2114 3768 lecerunt
2134 3703 2167 3770 iu

246 3812 362 3897 vigiliis
390 3811 526 3880 militum
553 3812 715 3879 nocturnis
741 3834 799 3898 per
827 3811 1025 3900 clepsydram
1054 3807 1276 3892 dividendae,
1309 3815 1345 3876 ut
1371 3807 1570 3879 brevioribus
1597 3807 1743 3877 noctibus
1771 3810 1953 3877 interiorem
1983 3810 2167 3898 clepsydrae

245 3929 372 4008 partem
394 3939 467 3990 cera
487 3921 675 4008 oblinerent,
696 3921 891 4006 longioribus
912 3927 1018 3986 autem
1040 3941 1146 3986 ceram
1168 3924 1395 3987 amoverent⁸².

298 4229 331 4292 ⁴³)
350 4227 391 4277 Dc
415 4220 467 4277 hcc
489 4223 618 4276 divisione
646 4223 697 4276 diei
725 4223 759 4302 ci.
787 4223 902 4276 dasch.
925 4241 944 4274 c.
971 4217 1034 4274 Cres.
1058 4223 1081 4286 5.
1099 4217 1157 4287 tat,
1261 4289 1265 4296 Ι
1308 4221 1550 4290 ⁵⁰)Plin.ep.ll,
1569 4221 1669 4288 11,1t.

246 4325 272 4374 p·
289 4307 341 4456 Ἓξ
351 4309 476 4444 illdihlrien
488 4395 556 4445 enirn
569 4391 712 4443 volcarum
729 4391 879 4460 clepsydrae
897 4399 921 4442 et
933 4391 1024 4442 teritur
1034 4407 1157 4458 percussu

249 4489 331 4539 aquae
355 4485 380 4526 et
401 4478 489 4528 sordes
512 4479 612 4543 recipit,
635 4487 663 4527 ut
686 4479 827 4530 obturetur.
862 4477 947 4539 Quare
963 4477 1157 4543 horologiorum

248 4557 351 4608 llstulae
373 4575 406 4609 cx
429 4577 490 4612 auro
513 4561 555 4613 rel
572 4575 673 4629 gemma
691 4559 819 4614 terebrata
835 4561 918 4610 iactae
936 4565 1003 4610 sunt
1032 4559 1156 4612 Vitrur.

246 4641 293 4705 IX,
311 4639 335 4705 8,
354 4640 378 4692 4.
494 4675 508 4706 ,

299 4727 333 4793 ⁴²)
354 4723 461 4779 Schol.
478 4727 572 4778 Gran.
597 4730 625 4779 ia
642 4737 690 4780 oct.
708 4727 728 4778 1
742 4727 770 4778 ιἰι
793 4726 865 4779 Vcrr.
880 4745 908 4793 p.
925 4727 990 4780 396.
1015 4727 1058 4779 Or.
1088 4725 1157 4780 lamis

180 4867 181 4874 ,
246 4811 321 4864 certis
338 4809 456 4862 dicetne
471 4821 627 4864 οοωιιοοονω
644 4812 696 4864 rire
712 4813 856 4880 deseram
869 4829 919 4880 per
936 4813 1101 4879 dcprydram.

298 4897 333 4960 ⁴⁸)
351 4896 417 4948 Cum
434 4895 549 4947 Δοοοιιὶο
567 4899 695 4950 οοοτοωιὶο
711 4899 773 4949 Dio
792 4897 878 4948 Cass.
896 4897 951 4962 XL,
970 4895 1012 4948 52.
1036 4893 1156 4950 Ceterum

246 4996 271 5031 v.
290 4979 321 5032 de
338 4982 389 5032 bac
406 4979 463 5047 lege
487 4985 609 5030 accurata
627 4981 799 5046 disputantim
823 4982 1022 5049 Madvigium
1043 4984 1070 5033 in
1090 4981 1155 5048 Opp.

246 5064 289 5116 alt
306 5081 332 5131 p.
348 5063 406 5118 246.
512 5097 516 5108 -

297 5149 331 5212 ⁴⁹)
349 5149 434 5201 Plin.
451 5163 489 5214 ep.
507 5147 553 5212 IV,
570 5145 595 5211 9,
613 5145 637 5198 9.
654 5147 688 5200 cl.
706 5148 798 5200 Mart.
815 5149 886 5212 vm,
904 5147 927 5201 l.

1307 4305 1339 4372 Μ)
1358 4307 1468 4358 Romani
1485 4324 1586 4375 quoque
1604 4309 1708 4376 vigilias
1729 4305 1762 4359 ad
1779 4305 1942 4374 clepsydram
1965 4308 2166 4360 constituebant.

1255 4389 1852 4457 myfflmmmapmmmmr
1943 4373 1947 4384 '

1307 4475 1340 4535 ⁸²)
1359 4476 1488 4524 Aeneas
1511 4477 1598 4530 'l'act
1617 4476 1725 4528 Poliorc.
1743 4477 1789 4538 22,
1809 4479 1831 4538 ἐ.
1844 4477 1890 4527 10.
1909 4473 1955 4528 Ὂν
1973 4473 1995 4525 d’
2014 4475 2048 4526 dv
2067 4475 2166 4540 τρόπον

1256 4559 1321 4611 {corr
1345 4559 1386 4608 acl
1412 4557 1505 4612 soranis
1527 4559 1695 4624 μακροτέρων
1712 4557 1728 4626 ἢ
1745 4559 1917 4626 βραχυτέρων
1942 4565 2044 4610 νυκτῶν
2061 4561 2165 4627 γινομέ-

1257 4659 1311 4691 νων
1329 4639 1426 4693 incorr
1447 4641 1476 4692 al
1500 4645 1613 4706 φυλακαὶ
1630 4647 1770 4712 γίγνοιντο,
1795 4641 1862 4707 πρὸς
1881 4639 2031 4708 κλεψύδραν
2047 4643 2095 4710 χρὴ
2113 4661 2164 4708 φυ-

1255 4721 1368 4776 la'coarr.
1387 4713 1477 4792 τούιηο
1496 4725 1526 4778 δὲ
1544 4725 1700 4792 συμβάλλειν
1717 4715 1761 4782 ela
1775 4725 1898 4794 διαδοχὴν
1916 4724 1960 4781 ιᾶς
1977 4725 2085 4790 trepidae
2098 4730 2125 4794 (i.
2142 4745 2164 4778 c.

1254 4809 1331 4860 huius
1354 4816 1441 4860 sutem
1463 4817 1549 4876 partes
1572 4812 1605 4863 ad
1627 4811 1790 4864 deducendas
1808 4813 1912 4878 vigilias
1930 4829 1962 4862 ex
1979 4811 2086 4863 arbitrio
2104 4828 2164 4864 con·

1254 4895 1424 4959 stituenrlae)'
1440 4897 1536 4956 aditor
1559 4894 1589 4947 dd
1606 4891 1690 4962 arqu'r‘
1703 4898 1871 4962 supparare
1890 4895 1919 4947 ui
1937 4895 2040 4946 drudes
2056 4897 2099 4947 nal
2117 4913 2165 4958 μοι·

1254 4978 1389 5040 προτέρων
1416 4979 1466 5040 μὲν
1487 4980 1634 5045 γινομένων
1656 4986 1708 5031 των
1732 4987 1834 5032 νοητῶν
1855 4977 2032 5043 ἀφαιρεῖσθαι
2054 4976 2096 5031 del
2120 4989 2166 5033 τοῦ

1254 5066 1345 5127 τηροῦ,
1369 5066 1412 5114 ἕνα
1438 5063 1516 5115 πλέον
1545 5063 1617 5129 ὕδωρ
1646 5071 1725 5132 χωρῇ,
1754 5065 1926 5131 βραχυτέρων
1956 5063 1987 5117 δὲ
2015 5066 2165 5126 προσπλάτ-

1124 5162 1126 5171 ·
1150 5181 1155 5191 ,
1256 5147 1360 5206 credar,
1377 5149 1422 5199 rra
1439 5149 1551 5200 ἔλασσον
1569 5148 1676 5214 δέχηται.
1770 5159 1774 5169 ’
